<?xml version="1.0" encoding="UTF-8"?><collection xmlns="http://www.loc.gov/MARC21/slim"><record><leader>00516nam--2200181-i-4500</leader><controlfield tag="001">000011151</controlfield><controlfield tag="002">20161230</controlfield><controlfield tag="005">20161230201029</controlfield><controlfield tag="008">060222s1000------------r-----000-0-eng-d</controlfield><datafield ind1=" " ind2=" " tag="040"><subfield code="a">IFIN-HH</subfield></datafield><datafield ind1=" " ind2=" " tag="080"><subfield code="a">539.126.34(047.1)</subfield></datafield><datafield ind1="1" ind2=" " tag="100"><subfield code="a">Brunini, P.L</subfield></datafield><datafield ind1="1" ind2="0" tag="245"><subfield code="a">On the electromagnetic form factor of the pion</subfield><subfield code="c">P.l. brunini, f. rimondi, g. venturi</subfield></datafield><datafield ind1=" " ind2=" " tag="260"><subfield code="a">Bologna</subfield><subfield code="b">Istituto Di Fisica</subfield><subfield code="c">/F.An</subfield></datafield><datafield ind1=" " ind2=" " tag="300"><subfield code="a">9 P.+ 2 TB.+ 4 F</subfield></datafield><datafield ind1="1" ind2=" " tag="700"><subfield code="a">Venturi, G</subfield></datafield><datafield ind1=" " ind2=" " tag="852"><subfield code="a">41175</subfield><subfield code="c">539.12</subfield></datafield><datafield ind1=" " ind2=" " tag="CAT"><subfield code="a">Sys</subfield><subfield code="c">20111123</subfield><subfield code="h">132648</subfield></datafield></record></collection>